@article{ test,
Author = {de la Fuente, MA and Montes, F and Guerrero, G and Juarez, M},
Title = {{Total and soluble contents of calcium, magnesium, phosphorus and zinc in
   yoghurts}},
Journal = {{FOOD CHEMISTRY}},
Year = {{2003}},
Volume = {{80}},
Number = {{4}},
Pages = {{573-578}},
Month = {{APR}},
Abstract = {{This paper examines the content of major minerals (calcium, magnesium,
   phosphorus and zinc) and its distribution between soluble
   (non-sedimentable) and micellar fractions of 16 commercial yoghurts
   from,five different branches. These elements were determined by atomic
   absorption spectrometry after mineralisation by dry ashing. Total
   mineral contents showed wide intervals of variation (calcium 1090-2050
   mg l(-1), magnesium 101-177 mg l(-1), phosphorus 878-1560 mg l(-1) and
   zinc 4.0-7.3 mg l(-1)) due to the addition during manufacturing of
   different dairy products or fractions. Most of the minerals were found
   in the non-sedimentable fraction. Practically all calcium was measured
   in the supernatants of ultracentrifugation. Lower proportions of
   magnesium and zinc were determined in the non-sedimentable fraction
   (between 87 and 96\%) whereas the lowest ones (63-77\%) were found for
   phosphorus. (C) 2002 Elsevier Science Ltd. All rights reserved.}},
Publisher = {{ELSEVIER SCI LTD}},
Address = {{THE BOULEVARD, LANGFORD LANE, KIDLINGTON, OXFORD OX5 1GB, OXON, ENGLAND}},
Type = {{Article}},
Language = {{English}},
Affiliation = {{Juarez, M (Reprint Author), CSIC, Inst Frio, Ciudad Univ S-N, Madrid 28040, Spain.
   CSIC, Inst Frio, Madrid 28040, Spain.
   Univ Nacl Educ Distancia, Fac Ciencias, Dept Ciencias Analiticas, Madrid 28040, Spain.}},
DOI = {{10.1016/S0308-8146(02)00505-8}},
Article-Number = {{PII S0308-8146(02)00505-8}},
ISSN = {{0308-8146}},
Keywords = {{yoghurt; calcium; magnesium; phosphorus; zinc}},
Keywords-Plus = {{MILK CONCENTRATE REPLACEMENT; DRY DAIRY-PRODUCTS; CASEIN MICELLES;
   MICROWAVE-OVEN; MODEL SYSTEM; PH; BIOAVAILABILITY; DIGESTION; PROTEINS;
   SALTS}},
Research-Areas = {{Chemistry; Food Science \& Technology; Nutrition \& Dietetics}},
Web-of-Science-Categories  = {{Chemistry, Applied; Food Science \& Technology; Nutrition \& Dietetics}},
Author-Email = {{mjuarez@if.csic.es}},
ResearcherID-Numbers = {{JUAREZ, MANUELA/F-6674-2013
   DE LA FUENTE, MIGUEL/L-5301-2014
   }},
ORCID-Numbers = {{DE LA FUENTE, MIGUEL/0000-0002-4229-4153
   JUAREZ, MANUELA/0000-0003-3003-8109}},
Number-of-Cited-References = {{27}},
Times-Cited = {{52}},
Usage-Count-Last-180-days = {{0}},
Usage-Count-Since-2013 = {{26}},
Journal-ISO = {{Food Chem.}},
Doc-Delivery-Number = {{647BP}},
Unique-ID = {{ISI:000181071600018}},
DA = {{2019-11-18}},
}

@ARTICLE{heYo,
author={Marette, A. and Picard-Deland, E.},
title={Yogurt consumption and impact on health: Focus on children and cardiometabolic risk},
year={2014},
volume={99},
number={5},
pages={1243S-1247S},
url={https://www.scopus.com/inward/record.uri?eid=2-s2.0-84898934124&doi=10.3945%2fajcn.113.073379&partnerID=40&md5=0886b047c5c7472aa3bb52bc9deabc20},
}

@ARTICLE{refWerte,
author={},
title={Referenzwerte für die Nährstoffzufuhr},
year={2006},
url={https://www.dge.de/wissenschaft/referenzwerte/},
}

@ARTICLE{goIn,
author={Williams, E.B. and Hooper, B. and Spiro, A. and Stanner, S.},
title={The contribution of yogurt to nutrient intakes across the life course},
year={2015},
volume={40},
number={1},
pages={9-32},
url={https://www.scopus.com/inward/record.uri?eid=2-s2.0-84922851339&doi=10.1111%2fnbu.12130&partnerID=40&md5=53e6c3e2b3cb3565ac2d6e1fd386db5a},
}

@ARTICLE{probiHe,
author={Plessas, S. and Bosnea, L. and Alexopoulos, A. and Bezirtzoglou, E.},
title={Potential effects of probiotics in cheese and yogurt production: A review},
year={2012},
volume={12},
number={4},
pages={433-440},
url={https://www.scopus.com/inward/record.uri?eid=2-s2.0-84865547962&doi=10.1002%2felsc.201100122&partnerID=40&md5=294d78dd2d2252f3f356edf34bc512d6},
}

@ARTICLE{heMeCon,
author={Mahmoudi, R. and Kazeminia, M. and Kaboudari, A. and Pir-Mahalleh, S.F.R. and Pakbin, B.},
title={A review of the importance, detection and controlling of heavy metal in milk and dairy products},
year={2017},
volume={36},
number={1},
pages={1-16},
url={https://www.scopus.com/inward/record.uri?eid=2-s2.0-85032179616&partnerID=40&md5=35b7b53262c3bacf76b9904cc8e92563},
}

@ARTICLE{wDSit,
author={},
title={THE WORLD DAIRY SITUATION 2018},
year={2018},
url={https://store.fil-idf.org/wp-content/uploads/2018/10/WDS2018Preview-1.pdf},
}
